
@unpublished{BapatPilaud,
	TITLE = {Personal communication},
	AUTHOR = {A. Bapat and V.~Pilaud},
	YEAR = {2024}
}

@incollection {RoteSantosStreinu-pseudotriangulations,
	AUTHOR = {Rote, G\"{u}nter and Santos, Francisco and Streinu, Ileana},
	TITLE = {Pseudo-triangulations---a survey},
	BOOKTITLE = {Surveys on discrete and computational geometry},
	SERIES = {Contemp. Math.},
	VOLUME = {453},
	PAGES = {343--410},
	PUBLISHER = {Amer. Math. Soc., Providence, RI},
	YEAR = {2008},
}

@incollection {RoteSantosStreinu-polytope,
	AUTHOR = {G{\"u}nter~Rote and Francisco~Santos and Ileana~Streinu},
	TITLE = {Expansive motions and the polytope of pointed pseudo-triangulations},
	BOOKTITLE = {Discrete and computational geometry},
	SERIES = {Algorithms Combin.},
	VOLUME = {25},
	PAGES = {699--736},
	PUBLISHER = {Springer},
	ADDRESS = {Berlin},
	YEAR = {2003},
}

@book {BjornerLasVergnasSturmfelsWhiteZiegler,
	AUTHOR = {Anders~Bj{\"o}rner and Michel~{Las Vergnas} and Bernd~Sturmfels and Neil~White and G{\"u}nter~M.~Ziegler},
	TITLE = {Oriented matroids},
	SERIES = {Encyclopedia of Mathematics and its Applications},
	VOLUME = {46},
	EDITION = {Second},
	PUBLISHER = {Cambridge University Press},
	ADDRESS = {Cambridge},
	YEAR = {1999},
	PAGES = {xii+548},
}

@article {PilaudPocchiola,
	AUTHOR = {Vincent Pilaud and Michel Pocchiola},
	TITLE = {Multitriangulations, pseudotriangulations and primitive sorting networks},
	JOURNAL = {Discrete Comput. Geom.},
	FJOURNAL = {Discrete \& Computational Geometry. An International Journal of Mathematics and Computer Science},
	VOLUME = {48},
	YEAR = {2012},
	NUMBER = {1},
	PAGES = {142--191},
}

@article {CeballosLabbeStump,
	AUTHOR = {Cesar~Ceballos and Jean-Philippe~Labb\'e and Christian~Stump},
	TITLE = {Subword complexes, cluster complexes, and generalized multi-associahedra},
	JOURNAL = {J. Algebraic Combin.},
	FJOURNAL = {Journal of Algebraic Combinatorics. An International Journal},
	VOLUME = {39},
	YEAR = {2014},
	NUMBER = {1},
	PAGES = {17--51},
}

@book {Ziegler-polytopes,
	AUTHOR = {G{\"u}nter~M.~Ziegler},
	TITLE = {Lectures on Polytopes},
	SERIES = {Graduate texts in Mathematics},
	PUBLISHER = {Springer-Verlag},
	ADDRESS = {New York},
	VOLUME = {152},
	YEAR = {1998},
	PAGES = {vii+370},
}

@article {HartungHoangMutzeWilliams,
	AUTHOR = {Hartung, Elizabeth and Hoang, Hung P. and M\"{u}tze, Torsten and Williams, Aaron},
	TITLE = {Combinatorial generation via permutation languages. {I}. {F}undamentals},
	JOURNAL = {Trans. Amer. Math. Soc.},
	FJOURNAL = {Transactions of the American Mathematical Society},
	VOLUME = {375},
	YEAR = {2022},
	NUMBER = {4},
	PAGES = {2255--2291},
}

@article {ChapotonFominZelevinsky,
	AUTHOR = {Fr{\'e}d{\'e}ric~Chapoton and Sergey~Fomin and Andrei~Zelevinsky},
	TITLE = {Polytopal Realizations of Generalized Associahedra},
	JOURNAL = {Canad. Math. Bull.},
	FJOURNAL = {Canadian Mathematical Bulletin. Bulletin Canadien de Math{\'e}matiques. },
	VOLUME = {45},
	YEAR = {2002},
	NUMBER = {4},
	PAGES = {537--566},
}

@book{DeLoeraRambauSantos,
	AUTHOR = {Jesus~A.~{De Loera} and J\"org~Rambau and Francisco~Santos},
	TITLE = {Triangulations: Structures for Algorithms and Applications},
	PUBLISHER = {Springer Verlag},
	YEAR = {2010},
	VOLUME = {25},
	SERIES = {Algorithms and {C}omputation in Mathematics},
}
